<?xml version="1.0" encoding="UTF-8"?><record xmlns="http://www.loc.gov/MARC21/slim" xmlns:cinclude="http://apache.org/cocoon/include/1.0" xmlns:zs="http://www.loc.gov/zing/srw/">
  <leader>00419cz  a2200145n  4500</leader>
  <controlfield tag="001">n  85099897 </controlfield>
  <controlfield tag="003">DLC</controlfield>
  <controlfield tag="005">19990928141836.0</controlfield>
  <controlfield tag="008">850618n| acannaab           |a aaa      </controlfield>
  <datafield tag="010" ind1=" " ind2=" ">
    <subfield code="a">n  85099897 </subfield>
  </datafield>
  <datafield tag="040" ind1=" " ind2=" ">
    <subfield code="a">LU-ECT</subfield>
    <subfield code="c">DLC</subfield>
    <subfield code="d">DLC</subfield>
  </datafield>
  <datafield tag="100" ind1="1" ind2="0">
    <subfield code="a">Aitken, Janet</subfield>
  </datafield>
  <datafield tag="400" ind1="1" ind2="0">
    <subfield code="a">Grant, Janet Aitken</subfield>
  </datafield>
  <datafield tag="670" ind1=" " ind2=" ">
    <subfield code="a">Her Answers for Janet Aitken, 1771:</subfield>
    <subfield code="b">t.p. (widow of John Grant late shipmaster in Kirkaldy)</subfield>
  </datafield>
  <datafield tag="675" ind1=" " ind2=" ">
    <subfield code="a">DNB;</subfield>
    <subfield code="a">NUC pre-56.</subfield>
  </datafield>
</record>